<collection xmlns="http://www.loc.gov/MARC21/slim">
<record>
  <leader>01312nam0a22002531i 450 </leader>
  <controlfield tag="001">IT\ICCU\CNCE\058784</controlfield>
  <controlfield tag="005">20161025000000.0</controlfield>
  <datafield tag="012" ind1=" " ind2=" ">
    <subfield code="a">tere toso ++++ ++++ (C) 1527 (R)</subfield>
    <subfield code="2">fei</subfield>
  </datafield>
  <datafield tag="100" ind1=" " ind2=" ">
    <subfield code="a">20040709d1527        0itac0103    ba</subfield>
  </datafield>
  <datafield tag="101" ind1=" " ind2=" ">
    <subfield code="a">ITA</subfield>
  </datafield>
  <datafield tag="102" ind1=" " ind2=" ">
    <subfield code="a">IT</subfield>
  </datafield>
  <datafield tag="200" ind1="1" ind2=" ">
    <subfield code="a">Incomincia el secondo libro della Dragha de Orlando doue tracta de molte aspere bactaglie &amp; como Orlando passo li monti Caspi &amp; ando a vna cita di Giudei chiamata Burbanza &amp; felli conuertire alla fede christiana nouamente historiato</subfield>
  </datafield>
  <datafield tag="210" ind1=" " ind2=" ">
    <subfield code="e">Stampato in Perosa</subfield>
    <subfield code="g">per Cosmo da Verona</subfield>
    <subfield code="h">dicto Bianchino del Leone</subfield>
    <subfield code="h">1527 adi XXVI del mese di maggio</subfield>
  </datafield>
  <datafield tag="215" ind1=" " ind2=" ">
    <subfield code="a">CII \i.e. 101!, \1! c.</subfield>
    <subfield code="d">4ʻ</subfield>
  </datafield>
  <datafield tag="300" ind1=" " ind2=" ">
    <subfield code="a">Il nome dell&apos;autore si ricava da c. CII</subfield>
  </datafield>
  <datafield tag="620" ind1=" " ind2=" ">
    <subfield code="a">IT</subfield>
    <subfield code="d">Perugia</subfield>
  </datafield>
  <datafield tag="700" ind1=" " ind2="1">
    <subfield code="a">Tromba,</subfield>
    <subfield code="b">Francesco</subfield>
    <subfield code="3">IT\ICCU\CNCA\006619</subfield>
  </datafield>
  <datafield tag="712" ind1="0" ind2="0">
    <subfield code="a">Bianchini, Cosimo</subfield>
    <subfield code="3">IT\ICCU\CNCT\000182</subfield>
    <subfield code="4">650</subfield>
  </datafield>
  <datafield tag="791" ind1="0" ind2="2">
    <subfield code="a">℗al segno del ℗Leone</subfield>
    <subfield code="c"> &lt;Perugia</subfield>
    <subfield code="c"> ; 1513-1544&gt;</subfield>
    <subfield code="3">IT\ICCU\CNCT\002416</subfield>
    <subfield code="z">Bianchini, Cosimo</subfield>
  </datafield>
  <datafield tag="791" ind1="0" ind2="2">
    <subfield code="a">Cosimo di Bernardo</subfield>
    <subfield code="3">IT\ICCU\CNCT\003637</subfield>
    <subfield code="z">Bianchini, Cosimo</subfield>
  </datafield>
  <datafield tag="791" ind1="0" ind2="0">
    <subfield code="a">Blanchinus, Cosmus</subfield>
    <subfield code="3">IT\ICCU\CNCT\004371</subfield>
    <subfield code="z">Bianchini, Cosimo</subfield>
  </datafield>
  <datafield tag="801" ind1=" " ind2="3">
    <subfield code="a">IT</subfield>
    <subfield code="b">ICCU</subfield>
    <subfield code="c">20201115</subfield>
  </datafield>
  <datafield tag="899" ind1=" " ind2=" ">
    <subfield code="a">Archivio storico civico e Biblioteca Trivulziana. Milano</subfield>
    <subfield code="1">MI0327</subfield>
    <subfield code="2">LO1 13</subfield>
  </datafield>
  <datafield tag="899" ind1=" " ind2=" ">
    <subfield code="a">Biblioteca nazionale Vittorio Emanuele III. Napoli</subfield>
    <subfield code="z">MUTILO</subfield>
    <subfield code="1">NA0079</subfield>
    <subfield code="2">NAP BN</subfield>
  </datafield>
</record>
</collection>
